<record><leader>00000cas a2200000 a 4500</leader><controlfield tag="001">11919694</controlfield><controlfield tag="008">850415d18961896ksuwr ne      0    0eng d</controlfield><datafield ind1=" " ind2=" " tag="010"><subfield code="a">sn 85029195 </subfield></datafield><datafield ind1=" " ind2=" " tag="040"><subfield code="a">KSH</subfield><subfield code="b">eng</subfield><subfield code="c">KSH</subfield><subfield code="d">NPT</subfield><subfield code="d">OCL</subfield><subfield code="d">OCLCQ</subfield></datafield><datafield ind1=" " ind2=" " tag="042"><subfield code="a">msc</subfield></datafield><datafield ind1="0" ind2="4" tag="245"><subfield code="a">The Gardner weekly message.</subfield></datafield><datafield ind1="1" ind2="3" tag="246"><subfield code="a">Gardner weekly message and flag</subfield><subfield code="f">&lt;Feb. 18, 1896&gt;</subfield></datafield><datafield ind1=" " ind2=" " tag="260"><subfield code="a">Gardner, Kan. :</subfield><subfield code="b">A.A. Smith,</subfield><subfield code="c">1896-</subfield></datafield><datafield ind1=" " ind2=" " tag="300"><subfield code="a">v. :</subfield><subfield code="b">ill. ;</subfield><subfield code="c">56 cm.</subfield></datafield><datafield ind1=" " ind2=" " tag="310"><subfield code="a">Weekly</subfield></datafield><datafield ind1="0" ind2=" " tag="362"><subfield code="a">Vol. 2, no. 28 (Feb. 11, 1896)-</subfield></datafield><datafield ind1="1" ind2=" " tag="362"><subfield code="a">Ceased with Mar. 26, 1896 issue?</subfield></datafield><datafield ind1=" " ind2=" " tag="752"><subfield code="a">United States</subfield><subfield code="b">Kansas</subfield><subfield code="c">Johnson</subfield><subfield code="d">Gardner.</subfield></datafield><datafield ind1="0" ind2="0" tag="780"><subfield code="t">Gardner flag</subfield><subfield code="w">(DLC)sn 85029957</subfield></datafield></record>